@misc{tw,
title = "{\TeX wiki}",
howpublished = {https://texwiki.texjp.org}
}
